:20:2603108b057bdce1
:21:NONREF
:25:FNOMNL22/XXXXXXXXXXEUR
:28C:0
:60F:C260203EUR4429,19
:61:2602280228DR185,23NTRFNONREF
:86:166?00SEPA-Gutschrift?30?31?32Company A
:61:2602270227DR42,23NTRFNONREF
:86:166?00SEPA-Gutschrift?30GEBABEBBXXX?31BE00XXXXXXXXXXXX?32Company B?60+++111/1234/98765+++
:61:2602270227DR121,00NTRFNONREF
:86:166?00SEPA-Gutschrift?30KREDBEBBXXX?31BE00XXXXXXXXXXXX?32Company C?60F000001
:61:2602270227DR181,50NTRFNONREF
:86:166?00SEPA-Gutschrift?30NICABEBBXXX?31BE00XXXXXXXXXXXX?32Company D?60F000002
:61:2602260226CR378,11NTRFNONREF
:86:166?00SEPA-Gutschrift?30KREDBEBB?31BE00XXXXXXXXXXXX?32Company E?6078071842939 TROP PAYE STATUT SOCIAL
:61:2602240224DR65,35NDDTNONREF
:86:105?00Lastschrift ?30BBRUBEBB?31BE00XXXXXXXXXXXX?32Company F?60BE00XXXXXXXXXXXX
:61:2602170217DR79,88NDDTNONREF
:86:105?00Lastschrift ?30BBRUBEBB?31BE00XXXXXXXXXXXX?32Company F?60BE00XXXXXXXXXXXX
:61:2602160216DR871,20NTRFNONREF
:86:166?00SEPA-Gutschrift?30GEBABEBBXXX?31BE00XXXXXXXXXXXX?32Company G?60Facture 2026/001
:61:2602120212DR382,90NTRFNONREF
:86:166?00SEPA-Gutschrift?30?31?32Company H
:61:2602100210DR134,95NDDTNONREF
:86:105?00Lastschrift ?30BBRUBEBB?31BE00XXXXXXXXXXXX?32Company F?60BE00XXXXXXXXXXXX
:61:2602090209CR4446,75NTRFNONREF
:86:166?00SEPA-Gutschrift?30ARSPBE22?31BE00XXXXXXXXXXXX?32Company I?60Acompte travaux 50pc
:61:2602050205DR21,00NDDTNONREF
:86:105?00Lastschrift ?30FNOMNL22?31NL00XXXXXXXXXXXX?32Company J?60Monthly fee for Basic plan.
:61:2602030203DR70,01NDDTNONREF
:86:105?00Lastschrift ?30BBRUBEBB?31BE00XXXXXXXXXXXX?32Company F?60BE00XXXXXXXXXXXX
:62F:C260228EUR7098,80
-